@phdthesis{fragelli2010,
	title={Uma Abordagem de Redes Quantizadas e Objetos Multiformes para Modelagem de Domínio em Sistemas de Tutoria Inteligentes},
	author={Fragelli, R. R.},
	year={2010},
	publisher={Departamento de Engenharia Mecânica, Universidade de Brasília},
	address={Brasília, Brasil},
	pages={163}
}

@book{moreira1999,
	title={Teorias de Aprendizagem},
	author={Moreira, M. A.},
	year={1999},
	publisher={EPU}	,
	address={São Paulo, Brasil}
}

@article{hill2002,
	title={Learning: A survey of psychological interpretation},
	author={Hill, W.},
	year={2002},
	address={Boston, USA},
	publisher={Allyn and Bacon}
}

@article{silva2005,
	title={Um berço para o homem e o legado skinneriano na educação: do behaviorismo a um novo paradigma para a sociedade do conhecimento},
	author={Silva, J. E.},
	year={2005},
	publisher={Instituto Politécnico da Guarda}
}

@article{robins1999,
 	title={An empirical analysis of trends in psychology.},
 	author={Robins, R. W. and Gosling, S. D. and Craik, K. H.},
  	journal={American Psychologist},
 	volume={54},
  	number={2},
  	pages={117},
  	year={1999},
  	publisher={American Psychological Association}
}

@book{matlin2004,
 	title={Psicologia cognitiva},
  	author={Matlin, M.W.},
  	isbn={9788521613923},
  	url={https://books.google.com.br/books?id=FzGvAwAACAAJ},
 	year={2004},
  	publisher={LTC}
}

@book{ausubel2000,
 	title={The Acquisition and Retention of Knowledge: A Cognitive View},
 	author={Ausubel, D.P.},
 	isbn={9780792365051},
 	lccn={00135007},
 	url={https://books.google.com.br/books?id=cwV\_1uIpgVAC},
 	year={2000},
 	publisher={Springer Netherlands}
}

@article{tavares2010,
	title={Aprendizagem significativa, codificação dual e objetos de aprendizagem},
	author={Tavares, R.},
	year={2010},
	publisher={Revista Brasileira de Informática na Educação},	
	address={Paraíba, Brasil}
}

@article{moreno2000,
	title={A Learner-Centered Approach to Multimedia Explanations: Deriving Instructional Design Principles from Cognitive Theory},
	author={Moreno, R. and Mayer, R. E.},
	year={2000},
	address={Carolina do Norte, USA},
	publisher={Interactive Multimedia Eletronic Journal of Computer-Enhanced Learning}
}

@article{mayer2001,
	title={When learning is just a click away: Does simple user interaction foster deeper understanding of multimedia messages?},
	author={Mayer, R. E. and Chandler, P.},
	year={2001},
	publisher={Journal of Educational Psychology}
}

@article{baddeley1986,
	title={Working memory.},
	author={Baddeley, A. D.},
	year={1986},
	publisher={Oxford University Press},
	address={Oxford, England}
}

@article{paivio1986,
	title={Mental representation: A dual coding approach},
	author={Paivio, A.},
	year={1986},
	publisher={Oxford University Press},
	address={Oxford, England}
}

@article{chandler1992,
	title={The split-attention effect as a factor in the design of instruction.},
	author={Chandler, P. and Sweller, J.},
	year={1992},
	publisher={British Journal of Educational Psychology},
	volume={62},
	pages={233-246}
}

@article{chandler2004,
	title={The crucial role of cognitive processes in the design of dynamic visualizations},
	author={Chandler, P.},
	year={2004},
	Publisher={Learning and Instructions}
}

@article{schwan2004,
	title={The cognitive benefits of interactive videos: learning to tie nautical knots.},
	author={Schwan, S. and Riempp, R.},
	year={2004},
	edition={3},
	pages={293-305},
	Publisher={Learning and Instructions}
}

@book{clark2011,
	title={E-learning and the Science of Instruction},
	author={Clark, R. C. and Mayer, R. E.},
	year={2011},
	edition={3},
	address={São Francisco, USA},
	publisher={Pfeiffer}
}

@MISC{gaudreau1984,
	title={Video Interactive Learning System (VILS)},
	author={Gaudreau, S. and Chan, M.W.},
	booktitle={Computers & Education},
	publisher={Elsevier},
	year={1984}
}

@book{wetzel1994,
	title={Instructional effectiveness of video media},
	author={Wetzel, C.D. and Radtke, P.H. and Stern, H.W.},
	isbn={9780805816983},
	lccn={94025424},
	url={https://books.google.com.br/books?id=qGbuAAAAMAAJ},
	year={1994},
	publisher={Lawrence Erlbaum Associates}
}

@article{zhang2005,
	doi={10.1207/s15389286ajde1903\_3},
	author = { Zhang, D.},
	title = {Interactive Multimedia-Based E-Learning: A Study of Effectiveness},
	journal = {American Journal of Distance Education},
	volume = {19},
	number = {3},
	pages = {149-162},
	year = {2005},
	URL = {http://dx.doi.org/10.1207/s15389286ajde1903_3}
}

@article{brusilovsky2003,
	title={Adaptive navigation support in educational hypermedia: The role of student knowledge level and the case for meta-adaptation},
	author={Brusilovsky, P},
	year={2003},
	publisher={British Journal of Educational Technology}
}

@article{brusilovsky1996,
	year={1996},
	issn={0924-1868},
	journal={User Modeling and User-Adapted Interaction},
	volume={6},
	number={2-3},
	doi={10.1007/BF00143964},
	title={Methods and techniques of adaptive hypermedia},
	url={http://dx.doi.org/10.1007/BF00143964},
	publisher={Kluwer Academic Publishers},
	author={Brusilovsky, P.},
	pages={87-129},
	language={English}
}

@article{brusilovsky1998,
	title={A Study of User Model Based Link Annotation in Educational Hypermedia},
	author={Brusilovsky, P. and Eklund, J.},
	journal={Journal of Universal Computer Science},
	volume={4},
	pages={429-448},
	year={1998}
}

@article{diniz2012,
	title={Uma Biblioteca de Hipermídia Adaptativa para Apoio ao Ensino},
	author={Diniz, A. C. and Rocha, J. A. and Mota, K. M. and Fragelli, R. R.},
	year={2012},
	publisher={PAEE 2012},
	isbn={978-989-8525-14-7}
}

@article{aubert2005,
	title={Advene: Active Reading through Hypervideo},
	author={Aubert, O. and Prié, Y.},
	year={2005},
	address={Salzburg, Austria}
}

@article{chambel2004,
	title={Hypervideo Design and Support for Contextualized Learning},
	author={Chambel, T. and Zahn, C. and Finke, M.},
	year={2004},
	address={Joensuu, Finland},
	pages={345-349},
	publisher={IEEE International Conference on Advanced Learning Technologies}
}

@MISC{mozilla2012,
	title={Web Made Movies},
	author={Mozilla},
	url={https://www.drumbeat.org/en-US/projects/webmademovies},
	year={2012}
}

@article{lippman1980,
	title={Movie-maps: An application of the optical videodisc to computer graphics},
	author={Lippman, A},
	year={1980},
	address={NY, New York, USA},
	pages={32-42},
	publisher={Proceedings of the 7th annual conference on Computer graphics and interactive techniques}
}

@article{sawhney1996,
	title={HyperCafe: Narrative and Aesthetic Properties of Hypervideo},
	author={Sawhney, N. N. and Balcom, D. and Smith, I. E.},
	year={1996},
	address={Bethesda, Maryland, USA},
	pages={1-10},
	publisher={UK Conference on Hypertext}
}

@article{shipman2003,
	title={Generation of interactive multi-level video summaries},
	author={Shipman, F. and Girgensohn, A. and Wilcox, L.},
	year={2003},
	address={NY, New York, USA},
	pages={392-401},
	publisher={Proceedings of the eleventh ACM international conference on Multimedia}
}

@article{zhan2004,
	title={Learning with hyperlinked videos - design criteria and efficient strategies for using audiovisual hypermedia},
	author={Zhan, C. and Barquero, B. and Schwan, S.},
	year={2004},
	volume={14},
	pages={275-291},
	publisher={Learning and Instruction}
}

@article{Sadallah2012,
	title={CHM: an Annotation- and Component-based Hypervideo Model for the Web},
	author={Sadallah, M. and Aubert, O. and Prié, Y.},
	year={2012},
	address={France},
	publisher={Kluwer Academic Publishers}
}

@article{faga2010,
	title={A social approach to authoring media annotations},
	author={Fagá, R. and Motti, V. G. and Cattelan, R. G. and Teixeira, A. C. and Pimentel, M. G. C.},
	year={2010},
	pages={17-26},
	publisher={10th ACM Symposium on Document engineering}
}

@MISC{finke2004,
	title={Mobile interactive video},
	author={Finke, M.},
	year={2004},
	ist={2001-37365},
	publisher={Technical report, Project MUMMY}
}

@book{schach2009,
  title={Engenharia de Software - 7.ed.: Os Paradigmas Cl{\'a}ssico e Orientado a Objetos},
  author={Schach, S.R.},
  isbn={9788563308443},
  url={https://books.google.com.br/books?id=Mkk7MriAp\_wC},
  year={2009},
  publisher={McGraw Hill Brasil}
}

@article{boehm1976,
	title={SOFTWARE ENGINEERING – AS IT IS},
	author={Boehm, B. W.},
	year={1976},
	address={Redondo Beach, California 90278},
	publisher={TRW Inc.}
}

@book{prik2014,
  title={M{\'e}todos {\'A}geis para Desenvolvimento de Software: },
  author={Prikladnicki, R. and Willi, R. and Milani, F.},
  isbn={9788582602089},
  url={https://books.google.com.br/books?id=8rQABAAAQBAJ},
  year={2014},
  publisher={Bookman Editora}
}

@book{scrum2014,
	title={A Arte de Fazer o Dobro do Trabalho na Metade do Tempo},
	author={Sutherland, J.},
	publisher={Leya},
	year={2014}
}

@book{clements2010,
  title={Documenting Software Architectures: Views and Beyond, Portable Documents},
  author={Clements, P. and Bachmann, F. and Bass, L. and Garlan, D. and Ivers, J. and Little, R. and Merson, P. and Nord, R. and Stafford, J.},
  isbn={9780132488594},
  url={https://books.google.com.br/books?id=UTZbsrA4qAsC},
  year={2010},
  publisher={Pearson Education}
}

@Misc{arthurtcc,
	title={Sistema Adaptativo de Vídeos Interativos},
	author={Sturzbecher, A. J.},
	year={2014},
	publisher={Faculdade do Gama, Universidade de Brasília},
	address={Brasília, Brasil},
	pages={103}
}
